%YAML 1.1
%TAG !u! tag:unity3d.com,2011:
--- !u!64 &8007112924648016443
MeshCollider:
  m_ObjectHideFlags: 0
  m_CorrespondingSourceObject: {fileID: 0}
  m_PrefabInstance: {fileID: 0}
  m_PrefabAsset: {fileID: 0}
  m_GameObject: {fileID: 5332695798228380653}
  m_Material: {fileID: 13400000, guid: 8410322eae503f449be6e80987a393d8, type: 2}
  m_IsTrigger: 0
  m_Enabled: 1
  serializedVersion: 4
  m_Convex: 1
  m_CookingOptions: 30
  m_Mesh: {fileID: -5495902117074765545, guid: 2b3503f352210f2459a6f7f6cad69356, type: 3}
--- !u!1 &8737387746230059106
GameObject:
  m_ObjectHideFlags: 0
  m_CorrespondingSourceObject: {fileID: 0}
  m_PrefabInstance: {fileID: 0}
  m_PrefabAsset: {fileID: 0}
  serializedVersion: 6
  m_Component:
  - component: {fileID: 8737387746230059110}
  - component: {fileID: 3147473602108353881}
  - component: {fileID: 7043307326839714376}
  - component: {fileID: 4825176127238741231}
  - component: {fileID: -4495087739789738395}
  - component: {fileID: -5975691014393630957}
  m_Layer: 8
  m_Name: OilSpill
  m_TagString: OilSpill
  m_Icon: {fileID: 0}
  m_NavMeshLayer: 0
  m_StaticEditorFlags: 0
  m_IsActive: 1
--- !u!4 &8737387746230059110
Transform:
  m_ObjectHideFlags: 0
  m_CorrespondingSourceObject: {fileID: 0}
  m_PrefabInstance: {fileID: 0}
  m_PrefabAsset: {fileID: 0}
  m_GameObject: {fileID: 8737387746230059106}
  m_LocalRotation: {x: 0, y: 0, z: 0, w: 1}
  m_LocalPosition: {x: 34.4, y: 0.012, z: -2.54}
  m_LocalScale: {x: 4, y: 0.05, z: 4}
  m_Children:
  - {fileID: 4704671989622550871}
  m_Father: {fileID: 0}
  m_RootOrder: 0
  m_LocalEulerAnglesHint: {x: 0, y: 0, z: 0}
--- !u!114 &3147473602108353881
MonoBehaviour:
  m_ObjectHideFlags: 0
  m_CorrespondingSourceObject: {fileID: 0}
  m_PrefabInstance: {fileID: 0}
  m_PrefabAsset: {fileID: 0}
  m_GameObject: {fileID: 8737387746230059106}
  m_Enabled: 1
  m_EditorHideFlags: 0
  m_Script: {fileID: 11500000, guid: 4652cefbb89da194b9d16642eb3b51ae, type: 3}
  m_Name: 
  m_EditorClassIdentifier: 
  m_highlightMaterial: {fileID: 2100000, guid: 64a070859e7bfde41b090d0ef18ada6b, type: 2}
  m_ghostMaterial: {fileID: 2100000, guid: 6bbb35d53d007f44184c89a896209e24, type: 2}
  m_caryingHeight: -0.8
  m_name: Oil
  m_rb: {fileID: 0}
  m_mc: {fileID: 0}
  m_coll: {fileID: 0}
  m_ready: 0
--- !u!54 &7043307326839714376
Rigidbody:
  m_ObjectHideFlags: 0
  m_CorrespondingSourceObject: {fileID: 0}
  m_PrefabInstance: {fileID: 0}
  m_PrefabAsset: {fileID: 0}
  m_GameObject: {fileID: 8737387746230059106}
  serializedVersion: 2
  m_Mass: 5000
  m_Drag: 0
  m_AngularDrag: 0.05
  m_UseGravity: 1
  m_IsKinematic: 0
  m_Interpolate: 0
  m_Constraints: 10
  m_CollisionDetection: 0
--- !u!114 &4825176127238741231
MonoBehaviour:
  m_ObjectHideFlags: 0
  m_CorrespondingSourceObject: {fileID: 0}
  m_PrefabInstance: {fileID: 0}
  m_PrefabAsset: {fileID: 0}
  m_GameObject: {fileID: 8737387746230059106}
  m_Enabled: 1
  m_EditorHideFlags: 0
  m_Script: {fileID: 11500000, guid: 1eb04869935ada144af9ccdb2913f80f, type: 3}
  m_Name: 
  m_EditorClassIdentifier: 
  m_uuid: 
--- !u!114 &-4495087739789738395
MonoBehaviour:
  m_ObjectHideFlags: 0
  m_CorrespondingSourceObject: {fileID: 0}
  m_PrefabInstance: {fileID: 0}
  m_PrefabAsset: {fileID: 0}
  m_GameObject: {fileID: 8737387746230059106}
  m_Enabled: 1
  m_EditorHideFlags: 0
  m_Script: {fileID: 11500000, guid: 0c20485235d6ab34cac1bedcd6a8502d, type: 3}
  m_Name: 
  m_EditorClassIdentifier: 
--- !u!114 &-5975691014393630957
MonoBehaviour:
  m_ObjectHideFlags: 0
  m_CorrespondingSourceObject: {fileID: 0}
  m_PrefabInstance: {fileID: 0}
  m_PrefabAsset: {fileID: 0}
  m_GameObject: {fileID: 8737387746230059106}
  m_Enabled: 1
  m_EditorHideFlags: 0
  m_Script: {fileID: 11500000, guid: 82cdd142de9fff04fbc424b3f48b0ad2, type: 3}
  m_Name: 
  m_EditorClassIdentifier: 
  m_movedThisRound: 0
--- !u!1001 &5098324654961186492
PrefabInstance:
  m_ObjectHideFlags: 0
  serializedVersion: 2
  m_Modification:
    m_TransformParent: {fileID: 8737387746230059110}
    m_Modifications:
    - target: {fileID: -8679921383154817045, guid: 2b3503f352210f2459a6f7f6cad69356, type: 3}
      propertyPath: m_RootOrder
      value: 0
      objectReference: {fileID: 0}
    - target: {fileID: -8679921383154817045, guid: 2b3503f352210f2459a6f7f6cad69356, type: 3}
      propertyPath: m_LocalScale.x
      value: 0.5
      objectReference: {fileID: 0}
    - target: {fileID: -8679921383154817045, guid: 2b3503f352210f2459a6f7f6cad69356, type: 3}
      propertyPath: m_LocalScale.y
      value: 20
      objectReference: {fileID: 0}
    - target: {fileID: -8679921383154817045, guid: 2b3503f352210f2459a6f7f6cad69356, type: 3}
      propertyPath: m_LocalScale.z
      value: 0.5
      objectReference: {fileID: 0}
    - target: {fileID: -8679921383154817045, guid: 2b3503f352210f2459a6f7f6cad69356, type: 3}
      propertyPath: m_LocalPosition.x
      value: -0
      objectReference: {fileID: 0}
    - target: {fileID: -8679921383154817045, guid: 2b3503f352210f2459a6f7f6cad69356, type: 3}
      propertyPath: m_LocalPosition.y
      value: 1.2
      objectReference: {fileID: 0}
    - target: {fileID: -8679921383154817045, guid: 2b3503f352210f2459a6f7f6cad69356, type: 3}
      propertyPath: m_LocalPosition.z
      value: 0
      objectReference: {fileID: 0}
    - target: {fileID: -8679921383154817045, guid: 2b3503f352210f2459a6f7f6cad69356, type: 3}
      propertyPath: m_LocalRotation.w
      value: -3.7493994e-33
      objectReference: {fileID: 0}
    - target: {fileID: -8679921383154817045, guid: 2b3503f352210f2459a6f7f6cad69356, type: 3}
      propertyPath: m_LocalRotation.x
      value: -6.123234e-17
      objectReference: {fileID: 0}
    - target: {fileID: -8679921383154817045, guid: 2b3503f352210f2459a6f7f6cad69356, type: 3}
      propertyPath: m_LocalRotation.y
      value: 1
      objectReference: {fileID: 0}
    - target: {fileID: -8679921383154817045, guid: 2b3503f352210f2459a6f7f6cad69356, type: 3}
      propertyPath: m_LocalRotation.z
      value: 6.123234e-17
      objectReference: {fileID: 0}
    - target: {fileID: -8679921383154817045, guid: 2b3503f352210f2459a6f7f6cad69356, type: 3}
      propertyPath: m_LocalEulerAnglesHint.x
      value: 0
      objectReference: {fileID: 0}
    - target: {fileID: -8679921383154817045, guid: 2b3503f352210f2459a6f7f6cad69356, type: 3}
      propertyPath: m_LocalEulerAnglesHint.y
      value: 0
      objectReference: {fileID: 0}
    - target: {fileID: -8679921383154817045, guid: 2b3503f352210f2459a6f7f6cad69356, type: 3}
      propertyPath: m_LocalEulerAnglesHint.z
      value: 0
      objectReference: {fileID: 0}
    - target: {fileID: -7511558181221131132, guid: 2b3503f352210f2459a6f7f6cad69356, type: 3}
      propertyPath: m_Materials.Array.data[0]
      value: 
      objectReference: {fileID: 2100000, guid: a25bbb6e7393cc64ca3a4db36e716ef9, type: 2}
    - target: {fileID: 919132149155446097, guid: 2b3503f352210f2459a6f7f6cad69356, type: 3}
      propertyPath: m_Name
      value: Oil
      objectReference: {fileID: 0}
    - target: {fileID: 919132149155446097, guid: 2b3503f352210f2459a6f7f6cad69356, type: 3}
      propertyPath: m_Layer
      value: 8
      objectReference: {fileID: 0}
    m_RemovedComponents: []
  m_SourcePrefab: {fileID: 100100000, guid: 2b3503f352210f2459a6f7f6cad69356, type: 3}
--- !u!1 &5332695798228380653 stripped
GameObject:
  m_CorrespondingSourceObject: {fileID: 919132149155446097, guid: 2b3503f352210f2459a6f7f6cad69356, type: 3}
  m_PrefabInstance: {fileID: 5098324654961186492}
  m_PrefabAsset: {fileID: 0}
--- !u!4 &4704671989622550871 stripped
Transform:
  m_CorrespondingSourceObject: {fileID: -8679921383154817045, guid: 2b3503f352210f2459a6f7f6cad69356, type: 3}
  m_PrefabInstance: {fileID: 5098324654961186492}
  m_PrefabAsset: {fileID: 0}
